<record><leader>00000cas a22000007a 4500</leader><controlfield tag="001">17819767</controlfield><controlfield tag="008">880420d19uu1981txuwr ne      0    0eng d</controlfield><datafield ind1=" " ind2=" " tag="010"><subfield code="a">sn 88083366 </subfield></datafield><datafield ind1=" " ind2=" " tag="040"><subfield code="a">PPM</subfield><subfield code="b">eng</subfield><subfield code="c">PPM</subfield><subfield code="d">OCLCQ</subfield><subfield code="d">IUA</subfield><subfield code="d">OCLCO</subfield><subfield code="d">OCLCF</subfield></datafield><datafield ind1="1" ind2=" " tag="029"><subfield code="a">AU@</subfield><subfield code="b">000025798745</subfield></datafield><datafield ind1=" " ind2=" " tag="042"><subfield code="a">msc</subfield></datafield><datafield ind1="0" ind2=" " tag="130"><subfield code="a">Town &amp; country news (Forest Hill, Tex.)</subfield></datafield><datafield ind1="1" ind2="0" tag="245"><subfield code="a">Town &amp; country news.</subfield></datafield><datafield ind1="3" ind2="0" tag="246"><subfield code="a">Town and country news</subfield></datafield><datafield ind1=" " ind2=" " tag="260"><subfield code="a">Fort Worth, Tex. :</subfield><subfield code="b">Mike Seitz</subfield></datafield><datafield ind1=" " ind2=" " tag="310"><subfield code="a">Weekly</subfield></datafield><datafield ind1="0" ind2=" " tag="362"><subfield code="a">-v. 35, no. 35 (Jan. 1, 1981).</subfield></datafield><datafield ind1=" " ind2="0" tag="651"><subfield code="a">Forest Hill (Tex.)</subfield><subfield code="v">Newspapers.</subfield></datafield><datafield ind1=" " ind2="7" tag="655"><subfield code="a">Newspapers.</subfield><subfield code="2">fast</subfield><subfield code="0">(OCoLC)fst01423814</subfield></datafield><datafield ind1=" " ind2="7" tag="651"><subfield code="a">Texas</subfield><subfield code="z">Forest Hill.</subfield><subfield code="2">fast</subfield><subfield code="0">(OCoLC)fst01223593</subfield></datafield><datafield ind1=" " ind2=" " tag="752"><subfield code="a">United States</subfield><subfield code="b">Texas</subfield><subfield code="c">Tarrant</subfield><subfield code="d">Fort Worth.</subfield></datafield><datafield ind1=" " ind2=" " tag="752"><subfield code="a">United States</subfield><subfield code="b">Texas</subfield><subfield code="c">Tarrant</subfield><subfield code="d">Forest Hill.</subfield></datafield><datafield ind1="0" ind2="0" tag="785"><subfield code="t">Town &amp; country news &amp; Forest Hill news</subfield><subfield code="w">(DLC)sn 88083357</subfield></datafield></record>